@article{scikit-learn,
 title={Scikit-learn: Machine Learning in {P}ython},
 author={Pedregosa, F. and Varoquaux, G. and Gramfort, A. and Michel, V.
         and Thirion, B. and Grisel, O. and Blondel, M. and Prettenhofer, P.
         and Weiss, R. and Dubourg, V. and Vanderplas, J. and Passos, A. and
         Cournapeau, D. and Brucher, M. and Perrot, M. and Duchesnay, E.},
 journal={Journal of Machine Learning Research},
 volume={12},
 pages={2825--2830},
 year={2011}
}

@misc{smartpeerlending,
    author = {{Smart Peer Lending}},
    title = {{CAN LOAN DEFAULTS BE PREDICTED?}},
    year = {2011},
    url = {http://smartpeerlending.com/posts/predicting-loan-defaults},
    XXhowpublished = {http://smartpeerlending.com/posts/predicting-loan-defaults},
}

@misc{superfacts,
    author = {Bhatla, Nikhil},
    title = {P2{P} {L}ending + {SVM} = \$\$\$?},
    year = {2006},
    url = {http://googleresearch.blogspot.com/2006/08/all-our-n-gram-are-belong-to-you.html},
    XXhowpublished = {http://googleresearch.blogspot.com/2006/08/all-our-n-gram-are-belong-to-you.html},
}

@misc{lendingclub,
    author = {{Lending Club}},
    title = {{Invest \& Earn Solid Returns - Lending Club}},
    year = {2013},
    url = {http://lendingclub.com/},
    XXhowpublished = {http://lendingclub.com/}
}
